@book{Kauffman1993,
	title = {The Origins of Order: Self Organization and Selection in Evolution},
	year = {1993},
	author = {Stuart A. Kauffman},
	publisher = {Oxford University Press}
}

@article{Rosenberg2005,
  doi = {10.1016/j.jtbi.2005.03.026},
  url = {https://doi.org/10.1016/j.jtbi.2005.03.026},
  year = {2005},
  month = nov,
  publisher = {Elsevier {BV}},
  volume = {237},
  number = {1},
  pages = {17--22},
  author = {Noah A. Rosenberg},
  title = {A sharp minimum on the mean number of steps taken in adaptive walks},
  journal = {Journal of Theoretical Biology}
}

@article{Szendro2013,
  doi = {10.1088/1742-5468/2013/01/p01005},
  url = {https://doi.org/10.1088/1742-5468/2013/01/p01005},
  year = {2013},
  month = jan,
  publisher = {{IOP} Publishing},
  volume = {2013},
  number = {01},
  pages = {P01005},
  author = {Ivan G Szendro and Martijn F Schenk and Jasper Franke and Joachim Krug and J Arjan G M de Visser},
  title = {Quantitative analyses of empirical fitness landscapes},
  journal = {Journal of Statistical Mechanics: Theory and Experiment}
}

@article{Neidhart2013,
  doi = {10.1016/j.jtbi.2013.05.002},
  url = {https://doi.org/10.1016/j.jtbi.2013.05.002},
  year = {2013},
  month = sep,
  publisher = {Elsevier {BV}},
  volume = {332},
  pages = {218--227},
  author = {Johannes Neidhart and Ivan G. Szendro and Joachim Krug},
  title = {Exact results for amplitude spectra of fitness landscapes},
  journal = {Journal of Theoretical Biology}
}

@article{Neidhart2014,
  doi = {10.1534/genetics.114.167668},
  url = {https://doi.org/10.1534/genetics.114.167668},
  year = {2014},
  month = aug,
  publisher = {Oxford University Press ({OUP})},
  volume = {198},
  number = {2},
  pages = {699--721},
  author = {Johannes Neidhart and Ivan G Szendro and Joachim Krug},
  title = {Adaptation in Tunably Rugged Fitness Landscapes: The Rough Mount Fuji Model},
  journal = {Genetics}
}

@article{Kauffman1987,
  doi = {10.1016/s0022-5193(87)80029-2},
  url = {https://doi.org/10.1016/s0022-5193(87)80029-2},
  year = {1987},
  month = sep,
  publisher = {Elsevier {BV}},
  volume = {128},
  number = {1},
  pages = {11--45},
  author = {Stuart Kauffman and Simon Levin},
  title = {Towards a general theory of adaptive walks on rugged landscapes},
  journal = {Journal of Theoretical Biology}
}